@online{FIH,
  author = {Chris White},
  note = {accessed: 2018-05-01},
  title = {What are SUCCESS and part-r-00000 files in hadoop},
  year = 2018,
  url = {https://stackoverflow.com/questions/10666488/what-are-success-and-part-r-00000-files-in-hadoop\#10666874},
  urldate = {2013-04-29}
}

@online{MsIH,
  author = {Tariq},
  note = {accessed: 2018-05-01},
  title = {What is the difference between single node \& pseudo-distributed mode in Hadoop?},
  year = 2018,
  url = {https://stackoverflow.com/questions/23435333/what-is-the-difference-between-single-node-pseudo-distributed-mode-in-hadoop\#23436266},
  urldate = {2016-01-13}
}

@online{HC,
  author = {Gaurav Shankhdhar},
  note = {accessed: 2018-05-13},
  title = {Hadoop Cluster Configuration Files},
  year = 2018,
  url = {https://www.edureka.co/blog/hadoop-cluster-configuration-files/},
  urldate = {2013-12-13}
}

@online{NN,
  author = {apache.org},
  note = {accessed: 2018-06-05},
  title = {NameNode -Hadoop Wiki},
  year = 2018,
  url = {https://wiki.apache.org/hadoop/NameNode},
  urldate = {2011-09-10}
}

@online{DN,
  author = {apache.org},
  note = {accessed: 2018-06-05},
  title = {DataNode -Hadoop Wiki},
  year = 2018,
  url = {https://wiki.apache.org/hadoop/DataNode},
  urldate = {2011-09-10}
}

@online{JPS,
  author = {Oracle - Java SE Docs},
  note = {accessed: 2018-06-05},
  title = {jps - Java Virtual Machine Process Status Tool},
  year = 2018,
  url = {https://docs.oracle.com/javase/7/docs/technotes/tools/share/jps.html},
  urldate = {2004}
}

@online{MC,
  author = {hadoop.apache.org docs},
  note = {accessed: 2018-06-06},
  title = {Class Mapper},
  year = 2018,
  url = {https://hadoop.apache.org/docs/current/api/org/apache/hadoop/mapreduce/Mapper.html},
  urldate = {2018-04-16}
}

@online{RC,
  author = {hadoop.apache.org docs},
  note = {accessed: 2018-06-06},
  title = {Class Reducer},
  year = 2018,
  url = {https://hadoop.apache.org/docs/r2.6.2/api/org/apache/hadoop/mapreduce/Reducer.html},
  urldate = {2015-10-29}
}

@online{CC,
  author = {Tutorials Point},
  note = {accessed: 2018-06-06},
  title = {MapReduce - Combiners},
  year = 2018,
  url = {https://www.tutorialspoint.com/map\_reduce/map\_reduce\_combiners.htm},
  urldate = {2018-01-08}
}

@online{SSD,
  author = {Deepali Aggarwal},
  note = {accessed: 2018-06-06},
  title = {Difference between traditional data and big data},
  year = 2018,
  url = {https://www.projectguru.in/publications/difference-traditional-data-big-data/},
  urldate = {2016-06-30}
}